@online{mathInsight,
  author = {Nykamp DQ},
  title = {Basic rules for exponentiation},
  url = {http://mathinsight.org/exponentiation_basic_rules},
}

@online{mathbits,
  author = {MathBits Teacher},
  title = {Exponential Functions},
  url = {https://mathbitsnotebook.com/Algebra2/Exponential/EXExpFunctions.html},
}

@online{wolframalpha,
  author = {WolframAlpha},
  title = {Domain of exponentiation function},
  url = {https://www.wolframalpha.com/input/?i=x%5Ey},
}
